@article{NeuralODE, 
  title={Neural Ordinary Differential Equations},
  author={Ricky T., Q. Chen, Yulia Rubanova, Jesse Bettencourt},
  year={2018},
  publisher={University of Toronto, Vector Institute}
}