@article{NeuralODE, 
  title={Neural Ordinary Differential Equations},
  author={Ricky T., Q. Chen, Yulia Rubanova, Jesse Bettencourt},
  year={2018},
  publisher={University of Toronto, Vector Institute}
}

@article{P_CNF,
  title={PointFlow: 3D Point Cloud Generation with Continuous Normalizing Flows},
  author={Guandao Yang, Xun Huang, Zekun Hao, Ming-Yu Liu, Serge Belongie, Bharath Hariharan},
  year={2019},
  publisher={arXiv}
}